<?xml version="1.0" encoding="UTF-8"?><collection xmlns="http://www.loc.gov/MARC21/slim"><record><leader>00377nam--2200121-i-4500</leader><controlfield tag="001">000008326</controlfield><controlfield tag="002">20161230</controlfield><controlfield tag="005">20161230201027</controlfield><controlfield tag="008">060222s1000------------r-----000-0-eng-d</controlfield><datafield ind1=" " ind2=" " tag="080"><subfield code="a">621.039.58</subfield></datafield><datafield ind1=" " ind2=" " tag="245"><subfield code="a">Contamionations atmospherique et surfacique consecutives a un rejet d effluent gazeux</subfield></datafield><datafield ind1=" " ind2=" " tag="260"><subfield code="a">Paris, Serivce Central De Radioprotection, 1967, 2 P. + 3 Pl</subfield></datafield><datafield ind1=" " ind2=" " tag="852"><subfield code="a">27855</subfield></datafield></record></collection>